<?xml version="1.0" encoding="UTF-8"?><collection xmlns="http://www.loc.gov/MARC21/slim"><record><leader>00485nam--2200181-i-4500</leader><controlfield tag="001">000014291</controlfield><controlfield tag="002">20161230</controlfield><controlfield tag="005">20161230201030</controlfield><controlfield tag="008">060222s1000------------r-----000-0-eng-d</controlfield><datafield ind1=" " ind2=" " tag="040"><subfield code="a">IFIN-HH</subfield></datafield><datafield ind1=" " ind2=" " tag="080"><subfield code="a">539.12.162.8(047.3)</subfield></datafield><datafield ind1="1" ind2=" " tag="100"><subfield code="a">Horvath, Z</subfield></datafield><datafield ind1="1" ind2="0" tag="245"><subfield code="a">High energy behaviour of ladder graphs with miltiple loops</subfield><subfield code="c">Z. horvath, g. pocsik</subfield></datafield><datafield ind1=" " ind2=" " tag="260"><subfield code="a">Budapest</subfield><subfield code="b">Itp</subfield><subfield code="c">1971</subfield></datafield><datafield ind1=" " ind2=" " tag="300"><subfield code="a">16P</subfield></datafield><datafield ind1="1" ind2=" " tag="700"><subfield code="a">Pocsik, G</subfield></datafield><datafield ind1=" " ind2=" " tag="852"><subfield code="a">77155</subfield><subfield code="c">539.131</subfield></datafield><datafield ind1=" " ind2=" " tag="CAT"><subfield code="a">Sys</subfield><subfield code="c">20120314</subfield><subfield code="h">122608</subfield></datafield></record></collection>